@book{clean_code,
	title = "Clean Code - A Handbook of Agile Software Craftmanship",
	author = "Martin, Robert C.",
	publisher = "Prentice Hall",
	year = "2009",
}

@book{android_4,
	title = "Android 4, Apps entwickeln mit dem Android SDK",
	author = "Künneth, Thomas",
	publisher = "Galileo Computing",
	year = "2012",
}

@book{android_application_testing,
	title = "Android Application Testing Guide",
	author = "Milano, Diego Torres",
	publisher = "Packt Publishing",
	year = "2011",
}

@book{professional_android_dev,
	title = "Professional Android 4 Application Development",
	author = "Meier, Reto",
	publisher = "wrox",
	year = "2012",
}

@misc{hibernate,
	author = "Hibernate Organization",
	title = {{Hibernate ORM - Hibernate ORM}},
	howpublished = "\url{http://hibernate.org/orm/}",
	note = "Abgerufen am 28. März 2014"
}

@misc{android_shared_preferences,
	author = "Google Inc.",
	title = {{SharedPreferences | Android Developers}},
	howpublished = "\url{http://developer.android.com/reference/android/content/SharedPreferences.html}",
	note = "Abgerufen am 28. März 2014"
}

@misc{android_draw_nine,
	author = "Google Inc.",
	title = {{Draw 9-patch | Android Developers}},
	howpublished = "\url{http://developer.android.com/tools/help/draw9patch.html}",
	note = "Abgerufen am 28. März 2014"
}

@misc{android_nine_patch,
	author = "Google Inc.",
	title = {{Canvas and Drawables | Android Developers}},
	howpublished = "\url{http://developer.android.com/guide/topics/graphics/2d-graphics.html#nine-patch}",
	note = "Abgerufen am 28. März 2014"
}

@misc{android_contacts_provider,
	author = "Google Inc.",
	title = {{Contacts Provider | Android Developers}},
	howpublished = "\url{http://developer.android.com/guide/topics/providers/contacts-provider.html}",
	note = "Abgerufen am 28. März 2014"
}

@misc{android_fundamentals,
	author = "Google Inc.",
	title = {{Application Fundamentals | Android Developers}},
	howpublished = "\url{http://developer.android.com/guide/components/fundamentals.html}",
	note = "Abgerufen am 28. März 2014"
}

@misc{ormlite,
	author = "Gray Watson",
	title = {{OrmLite - Lightweight Object Relational Mapping (ORM) Java Package}},
	howpublished = "\url{http://ormlite.com/}",
	note = "Abgerufen am 28. März 2014"
}

@misc{oracle_dao,
	author = "Sun Microsystems",
	title = {{Core J2EE Patterns - Data Access Object}},
	howpublished = "\url{http://www.oracle.com/technetwork/java/dataaccessobject-138824.html}",
	note = "Abgerufen am 28. März 2014"
}

@misc{sqlite_about,
	author = "SQLite",
	title = {{About SQLite}},
	howpublished = "\url{http://sqlite.org/about.html}",
	note = "Abgerufen am 28. März 2014"
}

@misc{jersey,
	author = "Jersey",
	title = {{Jersey}},
	howpublished = "\url{https://jersey.java.net/}",
	note = "Abgerufen am 28. März 2014"
}

@misc{jersey_chapter_3,
	author = "Jersey Documentation",
	title = {{Chapter 3. JAX-RS Application, Resources and Sub-Resources}},
	howpublished = "\url{https://jersey.java.net/documentation/latest/jaxrs-resources.html#d0e1658}",
	note = "Abgerufen am 28. März 2014"
}

@misc{vr_banking_website,
	author = "Fiducia IT AG",
	title = {{VR-Banking-App}},
	howpublished = "\url{http://www.vr-banking-app.de/homepage/vr-banking-app.html}",
	note = "Abgerufen am 12. Februar 2014"
}

@misc{vr_banking_anleitung,
	author = "Fiducia IT AG",
	title = {{Anleitung VR-Banking-App}},
	howpublished = "\url{http://www.vr-banking-app.de/homepage/anleitung.html}",
	note = "Abgerufen am 12. Februar 2014"
}

@misc{praesentation_fiducia_gruppe,
	author = "Fiducia IT AG",
	title = {{Präsentation Fiducia Gruppe}},
	howpublished = "\url{https://mitarbeiterportal.fiducia.de/content/contentpages/die_fiducia/unternehmen/_jcr_content/rightContentArea/downloadbox/downloadlist/download/file.resource.1378124740788.Pr}",
	note = "Abgerufen am 12. Februar 2014"
}

@misc{paymey_privatkunden,
	author = "PAYMEY",
	title = {{PAYMEY - PAYMEY-Privatkunden}},
	howpublished = "\url{https://www.paymey.com/privatkunden.html}",
	note = "Abgerufen am 12. März 2014"
}

@misc{kesh_faq,
	author = "kesh",
	title = {{kesh - Das mobile Bezahlsystem}},
	howpublished = "\url{http://kesh.de/funktionen/faq}",
	note = "Abgerufen am 12. März 2014"
}

@misc{paymey_seedmatch,
	author = "seedmatch.de",
	title = {{Crowdfunding für PAYMEY 2 | Seedmatch}},
	howpublished = "\url{https://www.seedmatch.de/startups/PAYMEY-2/}",
	note = "Abgerufen am 12. März 2014"
}

@misc{xml_spec,
	author = "w3c",
	title = {{Extensible Markup Language (XML) 1.0 (Fifth Edition)}},
	howpublished = "\url{http://www.w3.org/TR/2008/REC-xml-20081126/}",
	note = "Abgerufen am 14. März 2014"
}

@misc{soap,
	author = "w3c",
	title = {{SOAP Version 1.2 Part 0: Primer (Second Edition)}},
	howpublished = "\url{http://www.w3.org/TR/2007/REC-soap12-part0-20070427/#L1165}",
	note = "Abgerufen am 28. März 2014"
}

@misc{vr_de_schulung,
	author = "Fiducia IT AG",
	title = {{vr.de auf Android - Entwicklung mit Framework}},
	note = "Ausgehändigt am 5. März 2014"
}

@misc{json_xml,
	author = "JSON Organization",
	title = {{JSON: The Fat-Free Alternative to XML}},
	howpublished = "\url{http://www.json.org/xml.html}",
	note = "Abgerufen am 28. März 2014"
}

@misc{json_example,
	author = "JSON Organization",
	title = {{JSON Example}},
	howpublished = "\url{http://json.org/example.html}",
	note = "Abgerufen am 28. März 2014"
}

@misc{ecma_international,
	author = "ECMA International",
	title = {{The JSON Data Interchange Format}},
	howpublished = "\url{http://www.ecma-international.org/publications/files/ECMA-ST/ECMA-404.pdf}",
	note = "Abgerufen am 28. März 2014"
}

@misc{json_org,
	author = "JSON Organization",
	title = {{JSON}},
	howpublished = "\url{json.org}",
	note = "Abgerufen am 28. März 2014"
}

@misc{rest_http,
	author = "Gregor Roth",
	title = {{RESTful HTTP in practice}},
	howpublished = "\url{http://www.infoq.com/articles/designing-restful-http-apps-roth}",
	note = "Abgerufen am 28. März 2014"
}

@misc{rest_fielding,
	author = "Roy Thomas Fielding",
	title = {{Fielding Dissertation: CHAPTER 5: Representational State Transfer (REST)}},
	howpublished = "\url{http://www.ics.uci.edu/~fielding/pubs/dissertation/rest_arch_style.htm}",
	note = "Abgerufen am 28. März 2014"
}

@misc{qr_history,
	author = "DENSO WAVE INCORPORATED",
	title = {{History of QR Code}},
	howpublished = "\url{http://www.qrcode.com/en/history/}",
	note = "Abgerufen am 28. März 2014"
}

@misc{fiducia_vr_de_artikel,
	author = "Fiducia IT AG",
	title = {{Fiducia-App für VR-Banken durchbricht Millionengrenze der Downloads}},
	howpublished = "\url{https://www.fiducia.de/presse/pressemittleiungen/fiducia-app-fuer-vr-banken-durchbricht-millionengrenze-der-downl.html}",
	note = "Abgerufen am 28. März 2014"
}

@misc{faz_artikel,
	author = "FAZ",
	title = {{Bezahlen per Handy - Das Mobiltelefon wird zur Geldbörse}},
	howpublished = "\url{http://www.faz.net/aktuell/finanzen/meine-finanzen/bezahlen-per-handy-das-mobiltelefon-wird-zur-geldboerse-12207280.html}",
	note = "Abgerufen am 12. März 2014"
}

@misc{kesh_funktionen,
	author = "kesh",
	title = {{kesh - Das mobile Bezahlsystem}},
	howpublished = "\url{http://kesh.de/funktionen}",
	note = "Abgerufen am 12. März 2014"
}

@misc{jenkins,
	author = "Kohsuke Kawaguchi",
	title = {{Jenkins - Continuous Integration}},
	howpublished = "\url{http://jenkins-ci.org/}",
	note = "Abgerufen am 9. September 2014"
}

@misc{ci,
	author = "Martin Fowler",
	title = {{Continuous Integration}},
	howpublished = "\url{http://www.martinfowler.com/articles/continuousIntegration.html}",
	note = "Abgerufen am 18. September 2014"
}

@misc{svn,
	author = "Apache Software Foundation",
	title = {{Subversion}},
	howpublished = "\url{https://subversion.apache.org/}",
	note = "Abgerufen am 18. September 2014"
}

@misc{nexus,
	author = "Sonatype",
	title = {{Nexus}},
	howpublished = "\url{http://www.sonatype.org/nexus}",
	note = "Abgerufen am 18. September 2014"
}

@misc{maven,
	author = "Apache Software Foundation",
	title = {{Maven}},
	howpublished = "\url{http://maven.apache.org/}",
	note = "Abgerufen am 18. September 2014"
}

@misc{bnd,
	author = "Peter Kriens",
	title = {{Bnd}},
	howpublished = "\url{http://www.aqute.biz/Bnd/Bnd}",
	note = "Abgerufen am 18. September 2014"
}

@misc{bndtools,
	author = "Neil Bartlett",
	title = {{Bndtools}},
	howpublished = "\url{http://bndtools.org/}",
	note = "Abgerufen am 18. September 2014"
}

@misc{felix,
	author = "Apache Software Foundation",
	title = {{Felix}},
	howpublished = "\url{http://felix.apache.org/}",
	note = "Abgerufen am 18. September 2014"
}

@misc{eclipse,
	author = "Eclipse Software Foundation",
	title = {{Eclipse}},
	howpublished = "\url{http://eclipse.org/home/index.php}",
	note = "Abgerufen am 18. September 2014"
}

@misc{osgi,
	author = "OSGI Alliance",
	title = {{OSGI}},
	howpublished = "\url{http://www.osgi.org/Main/HomePage}",
	note = "Abgerufen am 18. September 2014"
}

@misc{osgi_spec,
	author = "OSGI Alliance",
	title = {{OSGI Specifications}},
	howpublished = "\url{http://www.osgi.org/Specifications/HomePage}",
	note = "Abgerufen am 18. September 2014"
}


@misc{bundle,
	author = "OSGI Alliance",
	title = {{Bundle}},
	howpublished = "\url{http://www.osgi.org/Technology/WhatIsOSGi}",
	note = "Abgerufen am 18. September 2014"
}

@misc{tomcat,
	author = "Apache Software Foundation",
	title = {{Tomcat}},
	howpublished = "\url{http://tomcat.apache.org/}",
	note = "Abgerufen am 18. September 2014"
}

@misc{jetty,
	author = "Eclipse Software Foundation",
	title = {{Jetty}},
	howpublished = "\url{http://www.eclipse.org/jetty/}",
	note = "Abgerufen am 18. September 2014"
}

@misc{aspectJ,
	author = "Eclipse Software Foundation",
	title = {{AspectJ}},
	howpublished = "\url{http://www.eclipse.org/aspectj/}",
	note = "Abgerufen am 18. September 2014"
}

@misc{ant,
	author = "Apache Software Foundation",
	title = {{Ant}},
	howpublished = "\url{http://ant.apache.org/}",
	note = "Abgerufen am 18. September 2014"
}

@misc{Jrebel,
	author = "Zeroturnaround",
	title = {{Jrebel}},
	howpublished = "\url{http://zeroturnaround.com/software/jrebel/}",
	note = "Abgerufen am 18. September 2014"
}

@misc{nexus_obr,
	author = "Sonatype",
	title = {{Nexus OBR Plugin}},
	howpublished = "\url{http://search.maven.org/#browse|-1344595945}",
	note = "Abgerufen am 18. September 2014"
}

@misc{spring,
	author = "Spring",
	title = {{Spring Framework}},
	howpublished = "\url{http://projects.spring.io/spring-framework/}",
	note = "Abgerufen am 18. September 2014"
}

@misc{spring_aop,
	author = "Spring",
	title = {{Spring AOP}},
	howpublished = "\url{http://docs.spring.io/spring-framework/docs/current/spring-framework-reference/html/aop.html}",
	note = "Abgerufen am 18. September 2014"
}

@misc{pax_runner,
	author = "OPS4J community",
	title = {{Pax Runner}},
	howpublished = "\url{https://ops4j1.jira.com/wiki/display/paxrunner/Pax+Runner}",
	note = "Abgerufen am 18. September 2014"
}

@misc{equinox,
	author = "Eclipse Software Foundation",
	title = {{Equinox}},
	howpublished = "\url{http://eclipse.org/equinox/}",
	note = "Abgerufen am 18. September 2014"
}

@misc{karaf,
	author = "Apache Software Foundation",
	title = {{Karaf}},
	howpublished = "\url{http://karaf.apache.org/}",
	note = "Abgerufen am 18. September 2014"
}

@misc{lombok,
	author = "Project Lombok",
	title = {{Lombok}},
	howpublished = "\url{http://projectlombok.org/}",
	note = "Abgerufen am 18. September 2014"
}

@misc{ant,
	author = "Apache Software Foundation",
	title = {{Ant}},
	howpublished = "\url{http://ant.apache.org/}",
	note = "Abgerufen am 18. September 2014"
}

